%! Author = machine
%! Date = 12/30/22

